@article{barabasi2005origin,
  title={The origin of bursts and heavy tails in human dynamics},
  author={Barabasi, Albert-Laszlo},
  journal={Nature},
  volume={435},
  number={7039},
  pages={207--211},
  year={2005},
  publisher={Nature Publishing Group}
}

@article{benaglia2009mixtools,
  title={mixtools: An R package for analyzing finite mixture models},
  author={Benaglia, Tatiana and Chauveau, Didier and Hunter, David R and Young, Derek S and others},
  journal={Journal of Statistical Software},
  volume={32},
  number={6},
  pages={1--29},
  year={2009}
}

@inproceedings{berendt2001measuring,
  title={Measuring the accuracy of sessionizers for web usage analysis},
  author={Berendt, Bettina and Mobasher, Bamshad and Spiliopoulou, Myra and Wiltshire, Jim},
  booktitle={Workshop on Web Mining at the First SIAM International Conference on Data Mining},
  pages={7--14},
  year={2001}
}

@incollection{berendt2003impact,
  title={The impact of site structure and user environment on session reconstruction in web usage analysis},
  author={Berendt, Bettina and Mobasher, Bamshad and Nakagawa, Miki and Spiliopoulou, Myra},
  booktitle={WEBKDD 2002-Mining Web Data for Discovering Usage Patterns and Profiles},
  pages={159--179},
  year={2003},
  publisher={Springer}
}


@article{catledge1995characterizing,
  title={Characterizing browsing strategies in the World-Wide Web},
  author={Catledge, Lara D and Pitkow, James E},
  journal={Computer Networks and ISDN systems},
  volume={27},
  number={6},
  pages={1065--1073},
  year={1995},
  publisher={Elsevier}
}


@article{cooley1999data,
  title={Data preparation for mining world wide web browsing patterns},
  author={Cooley, Robert and Mobasher, Bamshad and Srivastava, Jaideep},
  journal={Knowledge and information systems},
  volume={1},
  number={1},
  pages={5--32},
  year={1999},
  publisher={Springer}
}


@article{davies1979cluster,
  title={A cluster separation measure},
  author={Davies, David L and Bouldin, Donald W},
  journal={Pattern Analysis and Machine Intelligence, IEEE Transactions on},
  number={2},
  pages={224--227},
  year={1979},
  publisher={IEEE}
}


@inproceedings{donato2010you,
  title={Do you want to take notes?: identifying research missions in Yahoo! search pad},
  author={Donato, Debora and Bonchi, Francesco and Chi, Tom and Maarek, Yoelle},
  booktitle={Proceedings of the 19th international conference on World wide web},
  pages={321--330},
  year={2010},
  organization={ACM}
}
@inproceedings{eickhoff2014lessons,
  title={Lessons from the journey: a query log analysis of within-session learning},
  author={Eickhoff, Carsten and Teevan, Jaime and White, Ryen and Dumais, Susan},
  booktitle={Proceedings of the 7th ACM international conference on Web search and data mining},
  pages={223--232},
  year={2014},
  organization={ACM}
}

@inproceedings{geiger2013using,
  title={Using edit sessions to measure participation in Wikipedia},
  author={Geiger, R Stuart and Halfaker, Aaron},
  booktitle={Proceedings of the 2013 conference on Computer supported cooperative work},
  pages={861--870},
  year={2013},
  organization={ACM}
}


@inproceedings{gomory1999analysis,
  title={Analysis and visualization of metrics for online merchandizing},
  author={Gomory, Stephen and Hoch, Robert and Lee, Juhnyoung and Podlaseck, Mark and Schonberg, Edith},
  booktitle={Proceedings of WEBKDD'99},
  year={1999}
}

@article{govseva2006empirical,
  title={Empirical characterization of session--based workload and reliability for web servers},
  author={Go{\v{s}}eva-Popstojanova, Katerina and Singh, Ajay Deep and Mazimdar, Sunil and Li, Fengbin},
  journal={Empirical Software Engineering},
  volume={11},
  number={1},
  pages={71--117},
  year={2006},
  publisher={Springer}
}


@article{huntington2008website,
  title={Website usage metrics: A re-assessment of session data},
  author={Huntington, Paul and Nicholas, David and Jamali, Hamid R},
  journal={Information processing \& management},
  volume={44},
  number={1},
  pages={358--372},
  year={2008},
  publisher={Elsevier}
}


@inproceedings{jones2008beyond,
  title={Beyond the session timeout: automatic hierarchical segmentation of search topics in query logs},
  author={Jones, Rosie and Klinkner, Kristina Lisa},
  booktitle={Proceedings of the 17th ACM conference on Information and knowledge management},
  pages={699--708},
  year={2008},
  organization={ACM}
}
@inproceedings{mehrzadi2012onextracting,
 author = {Mehrzadi, David and Feitelson, Dror G.},
 title = {On Extracting Session Data from Activity Logs},
 booktitle = {Proceedings of the 5th Annual International Systems and Storage Conference},
 series = {SYSTOR '12},
 year = {2012},
 isbn = {978-1-4503-1448-0},
 location = {Haifa, Israel},
 pages = {3:1--3:7},
 articleno = {3},
 numpages = {7},
 url = {http://doi.acm.org/10.1145/2367589.2367592},
 doi = {10.1145/2367589.2367592},
 acmid = {2367592},
 publisher = {ACM},
 address = {New York, NY, USA},
 keywords = {activity log, session, user behavior},
}

@article{montgomery2001identifying,
  title={Identifying web browsing trends and patterns},
  author={Montgomery, Alan L and Faloutsos, Christos},
  journal={Computer},
  volume={34},
  number={7},
  pages={94--95},
  year={2001},
  publisher={IEEE}
}

@inproceedings{nadjarbashi2004improving,
  title={Improving the referrer-based web log session reconstruction},
  author={Nadjarbashi-Noghani, Mehran and Ghorbani, Ali A},
  booktitle={Communication Networks and Services Research, 2004. Proceedings. Second Annual Conference on},
  pages={286--292},
  year={2004},
  organization={IEEE}
}

@book{nardi1996context,
  title={Context and consciousness: activity theory and human-computer interaction},
  author={Nardi, Bonnie A},
  year={1996},
  publisher={Mit Press}
}

@article{ortega2010differences,
  title={Differences between web sessions according to the origin of their visits},
  author={Ortega, Jos{\'e} Luis and Aguillo, Isidro},
  journal={Journal of Informetrics},
  volume={4},
  number={3},
  pages={331--337},
  year={2010},
  publisher={Elsevier}
}

@inproceedings{priedhorsky2008computational,
  title={The computational geowiki: what, why, and how},
  author={Priedhorsky, Reid and Terveen, Loren},
  booktitle={Proceedings of the 2008 ACM conference on Computer supported cooperative work},
  pages={267--276},
  year={2008},
  organization={ACM}
}


@ONLINE{sandvine2014global,
author = {Sandvine},
title = {Global Internet Phenomena Report},
month = may,
year = {2014},
url = {https://www.sandvine.com/downloads/general/global-internet-phenomena/2014/1h-2014-global-internet-phenomena-report.pdf}
}

@inproceedings{shores2014identification,
  title={The identification of deviance and its impact on retention in a multiplayer game},
  author={Shores, Kenneth B and He, Yilin and Swanenburg, Kristina L and Kraut, Robert and Riedl, John},
  booktitle={Proceedings of the 17th ACM conference on Computer supported cooperative work \& social computing},
  pages={1356--1365},
  year={2014},
  organization={ACM}
}

@article{spiliopoulou2003framework,
  title={A framework for the evaluation of session reconstruction heuristics in web-usage analysis},
  author={Spiliopoulou, Myra and Mobasher, Bamshad and Berendt, Bettina and Nakagawa, Miki},
  journal={Informs journal on computing},
  volume={15},
  number={2},
  pages={171--190},
  year={2003},
  publisher={INFORMS}
}


@ONLINE{W3C1999,
author = {World Wide Web Consortium (W3C)},
title = {Web Characterization Terminology \& Definitions Sheet},
month = may,
year = {1999},
url = {http://www.w3.org/1999/05/WCA-terms/}
}

@inproceedings{white2010assessing,
  title={Assessing the scenic route: measuring the value of search trails in web logs},
  author={White, Ryen W and Huang, Jeff},
  booktitle={Proceedings of the 33rd international ACM SIGIR conference on Research and development in information retrieval},
  pages={587--594},
  year={2010},
  organization={ACM}
}

@article{wu2010evidence,
  title={Evidence for a bimodal distribution in human communication},
  author={Wu, Ye and Zhou, Changsong and Xiao, Jinghua and Kurths, J{\"u}rgen and Schellnhuber, Hans Joachim},
  journal={Proceedings of the national academy of sciences},
  volume={107},
  number={44},
  pages={18803--18808},
  year={2010},
  publisher={National Acad Sciences}
}
